%YAML 1.1
%TAG !u! tag:unity3d.com,2011:
--- !u!1 &1711478587508974196
GameObject:
  m_ObjectHideFlags: 0
  m_CorrespondingSourceObject: {fileID: 0}
  m_PrefabInstance: {fileID: 0}
  m_PrefabAsset: {fileID: 0}
  serializedVersion: 6
  m_Component:
  - component: {fileID: 1711478587508974198}
  - component: {fileID: 1711478587508974197}
  - component: {fileID: -5003780582126601911}
  m_Layer: 0
  m_Name: Hammer
  m_TagString: Untagged
  m_Icon: {fileID: 0}
  m_NavMeshLayer: 0
  m_StaticEditorFlags: 0
  m_IsActive: 1
--- !u!4 &1711478587508974198
Transform:
  m_ObjectHideFlags: 0
  m_CorrespondingSourceObject: {fileID: 0}
  m_PrefabInstance: {fileID: 0}
  m_PrefabAsset: {fileID: 0}
  m_GameObject: {fileID: 1711478587508974196}
  m_LocalRotation: {x: 0, y: 0, z: 0, w: 1}
  m_LocalPosition: {x: 0, y: 0, z: 0}
  m_LocalScale: {x: 1.5, y: 1.5, z: 1.5}
  m_Children:
  - {fileID: 1711478587176140234}
  m_Father: {fileID: 0}
  m_RootOrder: 0
  m_LocalEulerAnglesHint: {x: 0, y: 0, z: 0}
--- !u!114 &1711478587508974197
MonoBehaviour:
  m_ObjectHideFlags: 0
  m_CorrespondingSourceObject: {fileID: 0}
  m_PrefabInstance: {fileID: 0}
  m_PrefabAsset: {fileID: 0}
  m_GameObject: {fileID: 1711478587508974196}
  m_Enabled: 1
  m_EditorHideFlags: 0
  m_Script: {fileID: 11500000, guid: 8a7fc6e14167662409912a0579875e42, type: 3}
  m_Name: 
  m_EditorClassIdentifier: 
  poolType: 1
  speed: 7
  weaponSkin: {fileID: 1711478587178565418}
--- !u!136 &-5003780582126601911
CapsuleCollider:
  m_ObjectHideFlags: 0
  m_CorrespondingSourceObject: {fileID: 0}
  m_PrefabInstance: {fileID: 0}
  m_PrefabAsset: {fileID: 0}
  m_GameObject: {fileID: 1711478587508974196}
  m_Material: {fileID: 0}
  m_IsTrigger: 1
  m_Enabled: 1
  m_Radius: 0.26551598
  m_Height: 1.1406336
  m_Direction: 2
  m_Center: {x: 0, y: 0, z: 0.09225534}
--- !u!1001 &1711478587176265546
PrefabInstance:
  m_ObjectHideFlags: 0
  serializedVersion: 2
  m_Modification:
    m_TransformParent: {fileID: 1711478587508974198}
    m_Modifications:
    - target: {fileID: 100000, guid: 90389cac50942cb4ca38583e6531094a, type: 3}
      propertyPath: m_Name
      value: Hammer
      objectReference: {fileID: 0}
    - target: {fileID: 400000, guid: 90389cac50942cb4ca38583e6531094a, type: 3}
      propertyPath: m_RootOrder
      value: 0
      objectReference: {fileID: 0}
    - target: {fileID: 400000, guid: 90389cac50942cb4ca38583e6531094a, type: 3}
      propertyPath: m_LocalPosition.x
      value: -0
      objectReference: {fileID: 0}
    - target: {fileID: 400000, guid: 90389cac50942cb4ca38583e6531094a, type: 3}
      propertyPath: m_LocalPosition.y
      value: 0
      objectReference: {fileID: 0}
    - target: {fileID: 400000, guid: 90389cac50942cb4ca38583e6531094a, type: 3}
      propertyPath: m_LocalPosition.z
      value: 0
      objectReference: {fileID: 0}
    - target: {fileID: 400000, guid: 90389cac50942cb4ca38583e6531094a, type: 3}
      propertyPath: m_LocalRotation.w
      value: 0.7071068
      objectReference: {fileID: 0}
    - target: {fileID: 400000, guid: 90389cac50942cb4ca38583e6531094a, type: 3}
      propertyPath: m_LocalRotation.x
      value: -0.7071068
      objectReference: {fileID: 0}
    - target: {fileID: 400000, guid: 90389cac50942cb4ca38583e6531094a, type: 3}
      propertyPath: m_LocalRotation.y
      value: 0
      objectReference: {fileID: 0}
    - target: {fileID: 400000, guid: 90389cac50942cb4ca38583e6531094a, type: 3}
      propertyPath: m_LocalRotation.z
      value: 0
      objectReference: {fileID: 0}
    - target: {fileID: 400000, guid: 90389cac50942cb4ca38583e6531094a, type: 3}
      propertyPath: m_LocalEulerAnglesHint.x
      value: -90
      objectReference: {fileID: 0}
    - target: {fileID: 400000, guid: 90389cac50942cb4ca38583e6531094a, type: 3}
      propertyPath: m_LocalEulerAnglesHint.y
      value: 0
      objectReference: {fileID: 0}
    - target: {fileID: 400000, guid: 90389cac50942cb4ca38583e6531094a, type: 3}
      propertyPath: m_LocalEulerAnglesHint.z
      value: 0
      objectReference: {fileID: 0}
    m_RemovedComponents: []
  m_SourcePrefab: {fileID: 100100000, guid: 90389cac50942cb4ca38583e6531094a, type: 3}
--- !u!4 &1711478587176140234 stripped
Transform:
  m_CorrespondingSourceObject: {fileID: 400000, guid: 90389cac50942cb4ca38583e6531094a, type: 3}
  m_PrefabInstance: {fileID: 1711478587176265546}
  m_PrefabAsset: {fileID: 0}
--- !u!23 &1711478587178565418 stripped
MeshRenderer:
  m_CorrespondingSourceObject: {fileID: 2300000, guid: 90389cac50942cb4ca38583e6531094a, type: 3}
  m_PrefabInstance: {fileID: 1711478587176265546}
  m_PrefabAsset: {fileID: 0}
