%YAML 1.1
%TAG !u! tag:unity3d.com,2011:
--- !u!1 &1802172694423292672
GameObject:
  m_ObjectHideFlags: 0
  m_CorrespondingSourceObject: {fileID: 0}
  m_PrefabInstance: {fileID: 0}
  m_PrefabAsset: {fileID: 0}
  serializedVersion: 6
  m_Component:
  - component: {fileID: 6842816196378578797}
  - component: {fileID: 8539747570120227505}
  - component: {fileID: 2344104506421697465}
  - component: {fileID: 4291199923224109208}
  m_Layer: 0
  m_Name: Knife
  m_TagString: Untagged
  m_Icon: {fileID: 0}
  m_NavMeshLayer: 0
  m_StaticEditorFlags: 0
  m_IsActive: 1
--- !u!4 &6842816196378578797
Transform:
  m_ObjectHideFlags: 0
  m_CorrespondingSourceObject: {fileID: 0}
  m_PrefabInstance: {fileID: 0}
  m_PrefabAsset: {fileID: 0}
  m_GameObject: {fileID: 1802172694423292672}
  m_LocalRotation: {x: 0, y: 0, z: 0, w: 1}
  m_LocalPosition: {x: 0, y: 0, z: 0}
  m_LocalScale: {x: 1.5, y: 1.5, z: 1.5}
  m_Children:
  - {fileID: 3573350743837492043}
  m_Father: {fileID: 0}
  m_RootOrder: 0
  m_LocalEulerAnglesHint: {x: 0, y: 0, z: 0}
--- !u!136 &8539747570120227505
CapsuleCollider:
  m_ObjectHideFlags: 0
  m_CorrespondingSourceObject: {fileID: 0}
  m_PrefabInstance: {fileID: 0}
  m_PrefabAsset: {fileID: 0}
  m_GameObject: {fileID: 1802172694423292672}
  m_Material: {fileID: 0}
  m_IsTrigger: 1
  m_Enabled: 1
  m_Radius: 0.06978874
  m_Height: 1.0318347
  m_Direction: 2
  m_Center: {x: 0, y: -0.001086384, z: -0.008755505}
--- !u!54 &2344104506421697465
Rigidbody:
  m_ObjectHideFlags: 0
  m_CorrespondingSourceObject: {fileID: 0}
  m_PrefabInstance: {fileID: 0}
  m_PrefabAsset: {fileID: 0}
  m_GameObject: {fileID: 1802172694423292672}
  serializedVersion: 2
  m_Mass: 1
  m_Drag: 0
  m_AngularDrag: 0.05
  m_UseGravity: 0
  m_IsKinematic: 0
  m_Interpolate: 0
  m_Constraints: 112
  m_CollisionDetection: 0
--- !u!114 &4291199923224109208
MonoBehaviour:
  m_ObjectHideFlags: 0
  m_CorrespondingSourceObject: {fileID: 0}
  m_PrefabInstance: {fileID: 0}
  m_PrefabAsset: {fileID: 0}
  m_GameObject: {fileID: 1802172694423292672}
  m_Enabled: 1
  m_EditorHideFlags: 0
  m_Script: {fileID: 11500000, guid: 58f8aca3cfbbd264dad2851cd32a3213, type: 3}
  m_Name: 
  m_EditorClassIdentifier: 
  poolType: 0
  speed: 7
  weaponSkin: {fileID: 3573350743839261099}
--- !u!1001 &3573350743837104587
PrefabInstance:
  m_ObjectHideFlags: 0
  serializedVersion: 2
  m_Modification:
    m_TransformParent: {fileID: 6842816196378578797}
    m_Modifications:
    - target: {fileID: 100000, guid: ecd6cb62ed8350e498f9e25d15d9caa3, type: 3}
      propertyPath: m_Name
      value: knife
      objectReference: {fileID: 0}
    - target: {fileID: 400000, guid: ecd6cb62ed8350e498f9e25d15d9caa3, type: 3}
      propertyPath: m_RootOrder
      value: 0
      objectReference: {fileID: 0}
    - target: {fileID: 400000, guid: ecd6cb62ed8350e498f9e25d15d9caa3, type: 3}
      propertyPath: m_LocalPosition.x
      value: -0
      objectReference: {fileID: 0}
    - target: {fileID: 400000, guid: ecd6cb62ed8350e498f9e25d15d9caa3, type: 3}
      propertyPath: m_LocalPosition.y
      value: 0
      objectReference: {fileID: 0}
    - target: {fileID: 400000, guid: ecd6cb62ed8350e498f9e25d15d9caa3, type: 3}
      propertyPath: m_LocalPosition.z
      value: 0
      objectReference: {fileID: 0}
    - target: {fileID: 400000, guid: ecd6cb62ed8350e498f9e25d15d9caa3, type: 3}
      propertyPath: m_LocalRotation.w
      value: 0.7071068
      objectReference: {fileID: 0}
    - target: {fileID: 400000, guid: ecd6cb62ed8350e498f9e25d15d9caa3, type: 3}
      propertyPath: m_LocalRotation.x
      value: -0.7071068
      objectReference: {fileID: 0}
    - target: {fileID: 400000, guid: ecd6cb62ed8350e498f9e25d15d9caa3, type: 3}
      propertyPath: m_LocalRotation.y
      value: 0
      objectReference: {fileID: 0}
    - target: {fileID: 400000, guid: ecd6cb62ed8350e498f9e25d15d9caa3, type: 3}
      propertyPath: m_LocalRotation.z
      value: 0
      objectReference: {fileID: 0}
    - target: {fileID: 400000, guid: ecd6cb62ed8350e498f9e25d15d9caa3, type: 3}
      propertyPath: m_LocalEulerAnglesHint.x
      value: -90
      objectReference: {fileID: 0}
    - target: {fileID: 400000, guid: ecd6cb62ed8350e498f9e25d15d9caa3, type: 3}
      propertyPath: m_LocalEulerAnglesHint.y
      value: 0
      objectReference: {fileID: 0}
    - target: {fileID: 400000, guid: ecd6cb62ed8350e498f9e25d15d9caa3, type: 3}
      propertyPath: m_LocalEulerAnglesHint.z
      value: 0
      objectReference: {fileID: 0}
    - target: {fileID: 2300000, guid: ecd6cb62ed8350e498f9e25d15d9caa3, type: 3}
      propertyPath: m_Materials.Array.data[0]
      value: 
      objectReference: {fileID: 2100000, guid: fd22d984b94a49b45bb1fc0eead0c512, type: 2}
    m_RemovedComponents: []
  m_SourcePrefab: {fileID: 100100000, guid: ecd6cb62ed8350e498f9e25d15d9caa3, type: 3}
--- !u!4 &3573350743837492043 stripped
Transform:
  m_CorrespondingSourceObject: {fileID: 400000, guid: ecd6cb62ed8350e498f9e25d15d9caa3, type: 3}
  m_PrefabInstance: {fileID: 3573350743837104587}
  m_PrefabAsset: {fileID: 0}
--- !u!23 &3573350743839261099 stripped
MeshRenderer:
  m_CorrespondingSourceObject: {fileID: 2300000, guid: ecd6cb62ed8350e498f9e25d15d9caa3, type: 3}
  m_PrefabInstance: {fileID: 3573350743837104587}
  m_PrefabAsset: {fileID: 0}
